@misc{sun2022shufflemixer,
      title={ShuffleMixer: An Efficient ConvNet for Image Super-Resolution},
      author={Long Sun and Jinshan Pan and Jinhui Tang},
      year={2022},
      eprint={2205.15175},
      archivePrefix={arXiv},
      primaryClass={cs.CV}
}

@inproceedings{Geiger2012CVPR,
  author = {Andreas Geiger and Philip Lenz and Raquel Urtasun},
  title = {Are we ready for Autonomous Driving? The KITTI Vision Benchmark Suite},
  booktitle = {Conference on Computer Vision and Pattern Recognition (CVPR)},
  year = {2012}
}

@inproceedings{liu2015faceattributes,
  title = {Deep Learning Face Attributes in the Wild},
  author = {Liu, Ziwei and Luo, Ping and Wang, Xiaogang and Tang, Xiaoou},
  booktitle = {Proceedings of International Conference on Computer Vision (ICCV)},
  month = {December},
  year = {2015} 
}

@misc{KuangliuGitHub, 
title={Kuangliu/Pytorch-CIFAR}, 
url={https://github.com/kuangliu/pytorch-cifar/blob/49b7aa97b0c12fe0d4054e670403a16b6b834ddd/models/shufflenet.py}, 
journal={GitHub}, 
author={Kuangliu},
year={2019}
} 

@misc{LimbeeGithub, 
title={Where can I get flickr2K dataset?}, 
url={https://github.com/limbee/NTIRE2017/issues/25}, 
journal={GitHub},
 author={wjuny},
 year={2017}
 } 

 @misc{Ddlee_2019Dataset, 
 title={CV Notes}, 
 url={https://cvnote.ddlee.cc/2019/09/22/image-super-resolution-datasets}, 
 journal={Collection of notes on engineering in Deep Learning, including TensorFlow, PyTorch, and more.}, 
 author={Ddlee}, 
 year={2019}, 
 month={Sep}
 } 

 @misc{PytorchChannelShuffleIssueGithub, 
 title={Feature: Add derivative for channel shuffle}, 
 url={https://github.com/pytorch/pytorch/issues/67240}, 
 journal={GitHub}, 
 author={Sun-WeiZhen},
 year={2021}
 } 

@article{DBLP:journals/corr/LimSKNL17,
  author       = {Bee Lim and
                  Sanghyun Son and
                  Heewon Kim and
                  Seungjun Nah and
                  Kyoung Mu Lee},
  title        = {Enhanced Deep Residual Networks for Single Image Super-Resolution},
  journal      = {CoRR},
  volume       = {abs/1707.02921},
  year         = {2017},
  url          = {http://arxiv.org/abs/1707.02921},
  eprinttype    = {arXiv},
  eprint       = {1707.02921},
  timestamp    = {Mon, 13 Aug 2018 16:47:38 +0200},
  biburl       = {https://dblp.org/rec/journals/corr/LimSKNL17.bib},
  bibsource    = {dblp computer science bibliography, https://dblp.org}
}



@misc{ma2018shufflenet,
      title={ShuffleNet V2: Practical Guidelines for Efficient CNN Architecture Design},
      author={Ningning Ma and Xiangyu Zhang and Hai-Tao Zheng and Jian Sun},
      year={2018},
      eprint={1807.11164},
      archivePrefix={arXiv},
      primaryClass={cs.CV}
}

@misc{zhang2017shufflenet,
      title={ShuffleNet: An Extremely Efficient Convolutional Neural Network for Mobile Devices},
      author={Xiangyu Zhang and Xinyu Zhou and Mengxiao Lin and Jian Sun},
      year={2017},
      eprint={1707.01083},
      archivePrefix={arXiv},
      primaryClass={cs.CV}
}

@misc{liu2022convnet,
      title={A ConvNet for the 2020s},
      author={Zhuang Liu and Hanzi Mao and Chao-Yuan Wu and Christoph Feichtenhofer and Trevor Darrell and Saining Xie},
      year={2022},
      eprint={2201.03545},
      archivePrefix={arXiv},
      primaryClass={cs.CV}
}

@InProceedings{Agustsson_2017_CVPR_Workshops,
	author = {Agustsson, Eirikur and Timofte, Radu},
	title = {NTIRE 2017 Challenge on Single Image Super-Resolution: Dataset and Study},
	booktitle = {The IEEE Conference on Computer Vision and Pattern Recognition (CVPR) Workshops},
	month = {July},
	year = {2017}
}

@misc{krizhevsky2014weird,
      title={One weird trick for parallelizing convolutional neural networks},
      author={Alex Krizhevsky},
      year={2014},
      eprint={1404.5997},
      archivePrefix={arXiv},
      primaryClass={cs.NE}
}